<record><leader>00000cas a22000007a 4500</leader><controlfield tag="001">15709896</controlfield><controlfield tag="008">870519c19759999iauwr ne      0    0eng d</controlfield><datafield ind1=" " ind2=" " tag="010"><subfield code="a">sn 87057158 </subfield></datafield><datafield ind1=" " ind2=" " tag="040"><subfield code="a">INP</subfield><subfield code="b">eng</subfield><subfield code="c">INP</subfield><subfield code="d">OCLCQ</subfield></datafield><datafield ind1=" " ind2=" " tag="042"><subfield code="a">msc</subfield></datafield><datafield ind1="0" ind2="4" tag="245"><subfield code="a">The Altoona herald-Mitchellville index.</subfield></datafield><datafield ind1=" " ind2=" " tag="260"><subfield code="a">Altoona, Iowa :</subfield><subfield code="b">G. Gill,</subfield><subfield code="c">1975-</subfield></datafield><datafield ind1=" " ind2=" " tag="300"><subfield code="a">v.</subfield></datafield><datafield ind1=" " ind2=" " tag="310"><subfield code="a">Weekly</subfield></datafield><datafield ind1="0" ind2=" " tag="362"><subfield code="a">Vol. 86, no. 27 (Jan. 9, 1975)-</subfield></datafield><datafield ind1=" " ind2=" " tag="752"><subfield code="a">United States</subfield><subfield code="b">Iowa</subfield><subfield code="c">Polk</subfield><subfield code="d">Altoona.</subfield></datafield><datafield ind1=" " ind2=" " tag="752"><subfield code="a">United States</subfield><subfield code="b">Iowa</subfield><subfield code="c">Polk</subfield><subfield code="d">Mitchellville.</subfield></datafield><datafield ind1="0" ind2="4" tag="780"><subfield code="t">Altoona herald</subfield><subfield code="w">(DLC)sn 87057160</subfield></datafield><datafield ind1="0" ind2="4" tag="780"><subfield code="t">Mitchellville index</subfield><subfield code="w">(DLC)sn 87057159</subfield></datafield></record>